<record><leader>00000cas a2200000 a 4500</leader><controlfield tag="001">12925040</controlfield><controlfield tag="008">851217d18771877iauwr ne      0    0eng c</controlfield><datafield ind1=" " ind2=" " tag="010"><subfield code="a">sn 85049869 </subfield></datafield><datafield ind1=" " ind2=" " tag="040"><subfield code="a">INP</subfield><subfield code="b">eng</subfield><subfield code="c">INP</subfield><subfield code="d">CVF</subfield><subfield code="d">OCLCQ</subfield></datafield><datafield ind1=" " ind2=" " tag="042"><subfield code="a">pcc</subfield></datafield><datafield ind1=" " ind2=" " tag="043"><subfield code="a">n-us-ia</subfield></datafield><datafield ind1="0" ind2="0" tag="245"><subfield code="a">Mapleton standard.</subfield></datafield><datafield ind1=" " ind2=" " tag="260"><subfield code="a">Mapleton, Iowa :</subfield><subfield code="b">George F. Crouch,</subfield><subfield code="c">1877.</subfield></datafield><datafield ind1=" " ind2=" " tag="300"><subfield code="a">1 v.</subfield></datafield><datafield ind1=" " ind2=" " tag="310"><subfield code="a">Weekly</subfield></datafield><datafield ind1="0" ind2=" " tag="362"><subfield code="a">Vol. 1, no. 1 (Nov. 29, 1877)-v. 1, no. 2 (Dec. 6, 1877).</subfield></datafield><datafield ind1=" " ind2=" " tag="500"><subfield code="a">Mapleton, Iowa, formerly called also East Mapleton, Iowa.</subfield></datafield><datafield ind1=" " ind2=" " tag="500"><subfield code="a">"The greatest good to the greatest number."</subfield></datafield><datafield ind1=" " ind2=" " tag="500"><subfield code="a">Editor: George F. Crouch.</subfield></datafield><datafield ind1=" " ind2=" " tag="752"><subfield code="a">United States</subfield><subfield code="b">Iowa</subfield><subfield code="c">Monona</subfield><subfield code="d">Mapleton.</subfield></datafield><datafield ind1="0" ind2="7" tag="785"><subfield code="t">People's press (Onawa City, Iowa)</subfield><subfield code="w">(DLC)sn 84038386</subfield></datafield><datafield ind1="0" ind2="7" tag="785"><subfield code="t">Press and standard (Mapleton, Iowa)</subfield><subfield code="w">(DLC)sn 85049870</subfield></datafield></record>